@article{fiala2005reconstruct,
  title={Reconstruct: a free editor for serial section microscopy},
  author={Fiala, John C},
  journal={Journal of microscopy},
  volume={218},
  number={1},
  pages={52--61},
  year={2005},
  publisher={Wiley Online Library}
}
@article{petralia2015structure,
  title={Structure, distribution, and function of neuronal/synaptic spinules and related invaginating projections},
  author={Petralia, Ronald S and Wang, Ya-Xian and Mattson, Mark P and Yao, Pamela J},
  journal={Neuromolecular medicine},
  volume={17},
  number={3},
  pages={211--240},
  year={2015},
  publisher={Springer}
}
@article{schuster1990spinules,
  title={Spinules in axospinous synapses of the rat dentate gyrus: changes in density following long-term potentiation},
  author={Schuster, Thomas and Krug, Manfred and Wenzel, J{\"u}rgen},
  journal={Brain research},
  volume={523},
  number={1},
  pages={171--174},
  year={1990},
  publisher={Elsevier}
}
@article{bajaj1996arbitrary,
  title={Arbitrary topology shape reconstruction from planar cross sections},
  author={Bajaj, Chandrajit L and Coyle, Edward J and Lin, Kwun-Nan},
  journal={Graphical models and image processing},
  volume={58},
  number={6},
  pages={524--543},
  year={1996},
  publisher={Elsevier}
}
@article{boissonnat1988shape,
  title={Shape reconstruction from planar cross sections},
  author={Boissonnat, Jean-Daniel},
  journal={Computer vision, graphics, and image processing},
  volume={44},
  number={1},
  pages={1--29},
  year={1988},
  publisher={Elsevier}
}
@article{abdellah2018neuromorphovis,
  title={NeuroMorphoVis: a collaborative framework for analysis and visualization of neuronal morphology skeletons reconstructed from microscopy stacks},
  author={Abdellah, Marwan and Hernando, Juan and Eilemann, Stefan and Lapere, Samuel and Antille, Nicolas and Markram, Henry and Sch{\"u}rmann, Felix},
  journal={Bioinformatics},
  volume={34},
  number={13},
  pages={i574--i582},
  year={2018},
  publisher={Oxford University Press}
}
@article{gerhard2013segmented,
  title={Segmented anisotropic ssTEM dataset of neural tissue},
  author={Gerhard, Stephan and Funke, Jan and Martel, Julien and Cardona, Albert and Fetter, Richard},
  journal={figshare},
  pages={0--0},
  year={2013},
  publisher={figshare}
}
@article{cristini2001adaptive,
  title={An adaptive mesh algorithm for evolving surfaces: simulations of drop breakup and coalescence},
  author={Cristini, Vittorio and B{\l}awzdziewicz, Jerzy and Loewenberg, Michael},
  journal={Journal of Computational Physics},
  volume={168},
  number={2},
  pages={445--463},
  year={2001},
  publisher={Elsevier}
}
@inproceedings{berger1989adaptive,
  title={An adaptive Cartesian mesh algorithm for the Euler equations in arbitrary geometries},
  author={Berger, Marsha and LEVEQUE, RANDALL},
  booktitle={9th Computational Fluid Dynamics Conference},
  pages={1930},
  year={1989}
}
@inproceedings{berger1998aspects,
  title={Aspects (and aspect ratios) of Cartesian mesh methods},
  author={Berger, Marsha and Aftosmis, Michael},
  booktitle={Sixteenth International Conference on Numerical Methods in Fluid Dynamics},
  pages={1--12},
  year={1998},
  organization={Springer}
}
@book{sack1999handbook,
  title={Handbook of computational geometry},
  author={Sack, J{\"o}rg-R{\"u}diger and Urrutia, Jorge},
  year={1999},
  publisher={Elsevier}
}
@book{molecularbio,
  title={Molecular biology of the cell},
  author={Alberts B, Johnson A, Lewis J, Morgan D, Raff M, Roberts K, Walter P},
  year={2015},
  publisher={New York: Garland Science}
}
